<?xml version="1.0" encoding="UTF-8"?><record xmlns="http://www.loc.gov/MARC21/slim" xmlns:cinclude="http://apache.org/cocoon/include/1.0" xmlns:zs="http://www.loc.gov/zing/srw/">
  <leader>00517cz  a2200145n  4500</leader>
  <controlfield tag="001">n 2007022062</controlfield>
  <controlfield tag="003">DLC</controlfield>
  <controlfield tag="005">20070329075032.0</controlfield>
  <controlfield tag="008">070328n| acannaabn          |a aaa      </controlfield>
  <datafield tag="010" ind1=" " ind2=" ">
    <subfield code="a">n 2007022062</subfield>
  </datafield>
  <datafield tag="040" ind1=" " ind2=" ">
    <subfield code="a">DLC</subfield>
    <subfield code="b">eng</subfield>
    <subfield code="c">DLC</subfield>
  </datafield>
  <datafield tag="100" ind1="1" ind2=" ">
    <subfield code="a">Ġlonti, E.</subfield>
    <subfield code="q">(Etʻeri Valerianis że)</subfield>
  </datafield>
  <datafield tag="400" ind1="1" ind2=" ">
    <subfield code="a">Ġlonti, Etʻeri Valerianis że</subfield>
  </datafield>
  <datafield tag="400" ind1="1" ind2=" ">
    <subfield code="a">Glonti, Ė. V.</subfield>
  </datafield>
  <datafield tag="670" ind1=" " ind2=" ">
    <subfield code="a">Ġlonti, E. Ojaxis roli bavšvtʻa komunistur aġzrdaši, 1957:</subfield>
    <subfield code="b">t.p. (E. Ġlonti) t.p. verso, etc. (Etʻeri Valerianis że Ġlonti; Ė.V. Glonti)</subfield>
  </datafield>
</record>